%% This BibTeX bibliography file was created using BibDesk.
%% http://bibdesk.sourceforge.net/


%% Created for Keegan Kang at 2014-09-12 02:01:48 -0400 


%% Saved with string encoding Unicode (UTF-8) 



@inproceedings{Otterbacher,
	Address = {New York, NY, USA},
	Author = {Otterbacher, Jahna},
	Booktitle = {Proceedings of the SIGCHI Conference on Human Factors in Computing Systems},
	Date-Added = {2014-09-12 06:00:37 +0000},
	Date-Modified = {2014-09-12 06:01:39 +0000},
	Pages = {955--964},
	Publisher = {ACM},
	Title = {'Helpfulness' in Online Communities: A Measure of Message Quality},
	Year = {2009}}

@inproceedings{Backstrom+al:13a,
	Author = {Lars Backstrom and Jon Kleinberg and Lillian Lee and Cristian Danescu-Niculescu-Mizil},
	Booktitle = {Proceedings of WSDM},
	Date-Added = {2014-09-11 03:35:23 +0000},
	Date-Modified = {2014-09-11 03:35:59 +0000},
	Pages = {13--22},
	Title = {Characterizing And Curating Conversation Threads: Expansion, Focus, Volume, Re-Entry},
	Year = {2013}}

@inproceedings{dejareview,
	Author = {Gilbert, Eric and Karahalios, Karrie},
	Booktitle = {CSCW},
	Date-Added = {2014-09-11 03:13:44 +0000},
	Date-Modified = {2014-09-11 03:14:54 +0000},
	Editor = {Quinn, Kori Inkpen and Gutwin, Carl and Tang, John C.},
	Title = {Understanding deja reviewers},
	Year = {2010}}

@misc{anae,
	Author = {anaesthetica},
	Date-Added = {2014-09-01 23:10:54 +0000},
	Date-Modified = {2014-09-11 03:18:46 +0000},
	Howpublished = {http://aiweb.techfak.uni-bielefeld.de/content/bworld-robot-control-software/},
	Lastchecked = {September 10st 2014},
	Month = {Mar},
	Title = {Attacked from Within},
	Year = {2009},
	Bdsk-Url-1 = {http://www.kuro5hin.org/story/2009/3/12/33338/3000}}
